@article{bigbrain,
  title={{BigBrain: an ultrahigh-resolution 3D human brain model}},
  author={Amunts, Katrin and Lepage, Claude and Borgeat, Louis and others},
  journal={Science},
  volume={340},
  number={6139},
  pages={1472--1475},
  year={2013},
  publisher={American Association for the Advancement of Science}
},
@article{ukbiobank,
  title={{Multimodal population brain imaging in the UK Biobank prospective epidemiological study}},
  author={Miller, Karla L and Alfaro-Almagro, Fidel and Bangerter, Neal K and others},
  journal={Nature neuroscience},
  volume={19},
  number={11},
  pages={1523},
  year={2016},
  publisher={Nature Publishing Group}
},
@article{HCP,
  title={{The WU-Minn Human Connectome Project: an overview}},
  author={Van Essen, David C and Smith, Stephen M and Barch, Deanna M and others},
  journal={Neuroimage},
  volume={80},
  pages={62--79},
  year={2013},
  publisher={Elsevier}
},
@article{corr,
  title={An open science resource for establishing reliability and reproducibility in functional connectomics},
  author={Zuo, Xi-Nian and Anderson, Jeffrey S and Bellec, Pierre and others},
  journal={Scientific data},
  volume={1},
  pages={140049},
  year={2014},
  publisher={Nature Publishing Group}
},
@article{mapreduce,
  title={{MapReduce: simplified data processing on large clusters}},
  author={Dean, Jeffrey and Ghemawat, Sanjay},
  journal={Communications of the ACM},
  volume={51},
  number={1},
  pages={107--113},
  year={2008},
  publisher={ACM}
},
@article{spark,
  title={{Apache Spark: A Unified Engine for Big Data Processing}},
  author={Zaharia, Matei and Xin, Reynold S and Wendell, Patrick and others},
  journal={Communications of the ACM},
  volume={59},
  number={11},
  pages={56--65},
  year={2016},
  publisher={ACM}
},

10.5281/zenodo.591597
@Misc{nibabel,
author =   {Brett, Mathew and Markiewicz, Christopher J. and others},
title =    {nipy/nibabel: Python package to access a cacophony of neuro-imaging file formats},
howpublished = {\url{http://dx.doi.org/10.5281/zenodo.3360650}}
}
@misc{memory-modes,
  author = {Alper Ilkbahar},
  title = {{Intel® Optane™ DC Persistent Memory Operating Modes Explained}},
  howpublished = {\url{https://itpeernetwork.intel.com/intel-optane-dc-persistent-memory-operating-modes}}
  }
@inproceedings{nvdimms,
 author = {Chen, Renhai and Shao, Zili and Li, Tao},
 title = {{Bridging the I/O Performance Gap for Big Data Workloads: A New NVDIMM-based Approach}},
 booktitle = {The 49th Annual IEEE/ACM International Symposium on Microarchitecture},
 year = {2016},
 location = {Taipei, Taiwan},
 pages = {9:1--9:12},
 articleno = {9},
 numpages = {12},
 address = {Piscataway, NJ, USA},
},
@misc{optanebrief,
    author={{Intel Corporation}},
    title={{Technology Brief: Intel Optane Technology}},
    howpublished={\url{https://www.intel.com/content/dam/www/public/us/en/documents/technology-briefs/what-is-optane-technology-brief.pdf}}
},
@INPROCEEDINGS{paperinmem,
author={V. {Hayot-Sasson} and S. T. {Brown} and T. {Glatard}},
booktitle={2019 19th IEEE/ACM International Symposium on Cluster, Cloud and Grid Computing (CCGRID)},
title={Performance Evaluation of Big Data Processing Strategies for Neuroimaging},
year={2019},
volume={},
number={},
pages={449-458},
doi={10.1109/CCGRID.2019.00059},
ISSN={},
month={May},}
@inproceedings{lustre,
  title={{Lustre: Building a file system for 1000-node clusters}},
  author={Schwan, Philip and others},
  booktitle={Proc. of the 2003 Linux symposium},
  volume={2003},
  pages={380--386},
  year={2003}
} 

@article{gnuparallel,
  title={{GNU parallel-the command-line power tool}},
  author={Tange, Ole and others},
  journal={The USENIX Magazine},
  volume={36},
  number={1},
  pages={42--47},
  year={2011}
}




